@BOOKLET{SE-book,
  title = {Systems engineering exercises and teaching materials},
  author = {Rune Hylsberg Jacobsen},
  month = {January},
  year = {2014}
}

